<?xml version="1.0" encoding="UTF-8"?>
<record xmlns="http://www.loc.gov/MARC21/slim">
  <leader>01152cam a2200289Ia 4500</leader>
  <controlfield tag="001">1064946</controlfield>
  <controlfield tag="005">20020510090500.0</controlfield>
  <controlfield tag="008">930514s1835    nyu           000 0 eng  </controlfield>
  <datafield tag="010" ind1=" " ind2=" ">
    <subfield code="a">   05016432 </subfield>
  </datafield>
  <datafield tag="035" ind1=" " ind2=" ">
    <subfield code="a">ocm02993343</subfield>
    <subfield code="z">05016432</subfield>
  </datafield>
  <datafield tag="040" ind1=" " ind2=" ">
    <subfield code="a">DLC</subfield>
    <subfield code="c">IQU</subfield>
    <subfield code="d">m.c.</subfield>
    <subfield code="d">BRL</subfield>
  </datafield>
  <datafield tag="049" ind1=" " ind2=" ">
    <subfield code="a">BRLL</subfield>
  </datafield>
  <datafield tag="050" ind1="0" ind2=" ">
    <subfield code="a">E449</subfield>
    <subfield code="b">.J425</subfield>
  </datafield>
  <datafield tag="100" ind1="1" ind2=" ">
    <subfield code="a">Jay, William,</subfield>
    <subfield code="d">1789-1858.</subfield>
  </datafield>
  <datafield tag="245" ind1="1" ind2="3">
    <subfield code="a">An inquiry into the character and tendency of the American colonization, and American anti-slavery societies. /</subfield>
    <subfield code="c">By William Jay.</subfield>
  </datafield>
  <datafield tag="246" ind1="3" ind2="8">
    <subfield code="a">Jay&apos;s inquiry</subfield>
  </datafield>
  <datafield tag="250" ind1=" " ind2=" ">
    <subfield code="a">2d ed.</subfield>
  </datafield>
  <datafield tag="260" ind1=" " ind2=" ">
    <subfield code="a">New York: :</subfield>
    <subfield code="b">Leavitt, Lord &amp; co. ;</subfield>
    <subfield code="a">Boston: :</subfield>
    <subfield code="b">Crocker &amp; Brewster,</subfield>
    <subfield code="c">1835.</subfield>
    <subfield code="f">(D. Fanshaw, Printer.)</subfield>
  </datafield>
  <datafield tag="300" ind1=" " ind2=" ">
    <subfield code="a">206 p. ;</subfield>
    <subfield code="c">19 cm.</subfield>
  </datafield>
  <datafield tag="500" ind1=" " ind2=" ">
    <subfield code="a">Publisher&apos;s illustrative binding, gold vignette stamp on cover.</subfield>
  </datafield>
  <datafield tag="510" ind1="4" ind2=" ">
    <subfield code="a">American Imprints (1835)</subfield>
    <subfield code="c">32383</subfield>
  </datafield>
  <datafield tag="590" ind1=" " ind2=" ">
    <subfield code="a">Boston Public Library (Rare Books Department) copy ex libris (inscription): S. E. Sewall.</subfield>
  </datafield>
  <datafield tag="610" ind1="2" ind2="0">
    <subfield code="a">American Colonization Society.</subfield>
  </datafield>
  <datafield tag="610" ind1="2" ind2="0">
    <subfield code="a">American Anti-Slavery Society.</subfield>
  </datafield>
  <datafield tag="650" ind1=" " ind2="0">
    <subfield code="a">Antislavery movements</subfield>
    <subfield code="z">United States.</subfield>
  </datafield>
  <datafield tag="700" ind1="1" ind2=" ">
    <subfield code="a">Sewall, Samuel E.</subfield>
    <subfield code="q">(Samuel Edmund),</subfield>
    <subfield code="d">1799-1888,</subfield>
    <subfield code="e">former owner</subfield>
  </datafield>
  <datafield tag="962" ind1=" " ind2=" ">
    <subfield code="a">ACU-9405</subfield>
  </datafield>
</record>
